@article{neuroevolution,
	author = {Stanley O.,  Kenneth  and Jeff, Clune and Joel, Lehman and Risto Miikkulainen},
	title = {{Designing neural networks through neuroevolution}},
	journal = {Nature Machine Intelligence},
	year = {2019},
	note = {on-line at: \url{http://www.evolvingai.org/files/s42256-018-0006-z.pdf }}
}


@book{genetic, 
	title = {{Veštačka Inteligencija}},
	author = {dr Predrag, Janičić and  dr Mladen, Nikolić},
	url = {http://poincare.matf.bg.ac.rs/~janicic//courses/vi.pdf},
	address = {Beograd},
	year = {2019}
}

@book{neural, 
	title = {{Data Mining: Concepts, Models, Methods, and Algorithms, Second Edition}},
	author = {Mehmed, Kantardzic},
	isbn = {978-0-470-89045-5},
	year = {2011}
}
